@BOOK{M1M2M3_Vucina,
  TITLE = {Monday, April 29 - 2024 (M1M3 Acceptance Report), <https://rubinobs.atlassian.net/wiki/spaces/LTS/pages/50087695/17+Monday+April+29+-+2024+M1M3+Acceptance+Report>},
  SUBTITLE = {},
  AUTHOR = {T. Vucina},
  YEAR = {2024}, 
  PUBLISHER = {Confluence, Telescope \& Site},
}


@BOOK{LSSTCam_Andy,
  TITLE = {LSST Camera Throughput Estimation, <https://docushare.lsst.org/docushare/dsweb/ServicesLib/LCA-20553/History>},
  SUBTITLE = {},
  AUTHOR = {A. Rasmussen},
  YEAR = {2024}, 
  PUBLISHER = {Docushare, Camera},
}


@BOOK{JohnA,
  TITLE = {TMA reference mechanical design: TMA\_EA\_8-23-2018.sldasm},
  SUBTITLE = {},
  AUTHOR = {J. Andrew},
  YEAR = {2024}, 
  PUBLISHER = {Telescope \& Site},
}


@BOOK{sitcom,
  TITLE = {Sitcomn-151 technote: Estimation of the Rubin effective area},
  SUBTITLE = {},
  AUTHOR = {Sitcomn-151},
  YEAR = {2025}, 
  PUBLISHER = {Telescope \& Site},
}
